@article{article,
    title={Targeting Humanitarian Aid Using Administrative Data: Model Design and Validation}, 
    DOI={10.2139/ssrn.3444974}, 
    journal={SSRN Electronic Journal}, 
    author={Altindag, Onur and Oconnell, Stephen D. and Sasmaz, Aytug and Balcioglu, Zeynep and Cadoni, Paola and Jerneck, Matilda and Foong, Aimee Kunze}, 
    year={2019}, 
    month={Aug}}
    
@set{raw_data,
    title={Kenya - Socio-economic Profiling Survey of Refugees in Kalobeyei 2018},
    author={United Nations High Commissioner for Refugees},
    url={https://microdata.unhcr.org},
    urldate={2020-09-01}}
    
@article{survey_summary,
    title={Understanding the Socioeconomic Conditions of Refugees in Kalobeyei, Kenya},
    author={United Nations High Commissioner for Refugees},
    year={2018}}
